:20:3114413645
:25:203067003
:28C:00065/001
:34F:VND1000000,
:61:2403050305CD1000000,NTRF00001586//3114413645
/CTC/MSC/INCOMING RTGS TRANSFER
:86:/PY/CT TNHH LOP KUMHO VIET NAM DIEU VONCITI BANK/BN/KUMHO TIR
E (VIETNAM) CO LTD/BN1/LO D-3-CN KHU CONG NGHIEP MY PHU/BN2/3 PHU
ONG THOI HOA/BN3/BEN CAT/BI/203067003/BO//0281000229039/BO1/CT TN
HH LOP KUMHO VIET NAM/OB/0001203001/OB1/NHTMCP NGOAI THUONG VIET 
NAM/PT/FT/PO/0000/XT/CD
:90C:1VND1000000,
-
