:20:3114411633
:25:203067011
:28C:00064/001
:34F:USD1000,00
:61:2403040304CD1000,00NTRF004700136040324//3114411633
/CTC/MSC/INCOMING RTGS TRANSFER
:86:/PY/CT TNHH LOP KUMHO VIET NAM DIEU VONCITI BANK/BN/KUMHO TIR
E (VIETNAM) CO LTD/BN1/LO D-3-CN KHU CONG NGHIEP MY PHU/BN2/3 PHU
ONG THOI HOA/BN3/BEN CAT/BI/203067011/BO//0281370229040/BO1/CT TN
HH LOP KUMHO VIET NAM/OB/0001203001/OB1/NHTMCP NGOAI THUONG VIET 
NAM/PT/FT/PO/0000/XT/CD
:90C:1USD1000,00
-
